<?xml version="1.0" encoding="UTF-8"?><record xmlns="http://www.loc.gov/MARC21/slim" xmlns:cinclude="http://apache.org/cocoon/include/1.0" xmlns:zs="http://www.loc.gov/zing/srw/">
  <leader>00401cz  a2200121n  4500</leader>
  <controlfield tag="001">n  90611888 </controlfield>
  <controlfield tag="003">DLC</controlfield>
  <controlfield tag="005">19901113110346.3</controlfield>
  <controlfield tag="008">900215n| acannaab|          |n ana |||  </controlfield>
  <datafield tag="010" ind1=" " ind2=" ">
    <subfield code="a">n  90611888 </subfield>
  </datafield>
  <datafield tag="040" ind1=" " ind2=" ">
    <subfield code="a">DLC</subfield>
    <subfield code="c">DLC</subfield>
    <subfield code="d">DLC</subfield>
  </datafield>
  <datafield tag="110" ind1="2" ind2="0">
    <subfield code="a">American Summer Resort Publishing Company</subfield>
  </datafield>
  <datafield tag="670" ind1=" " ind2=" ">
    <subfield code="a">nuc90-12007: American summer resort directory [MI] 1885</subfield>
    <subfield code="b">(hdg. on NN rept.: American Summer Resort Publishing Company)</subfield>
  </datafield>
</record>